<collection xmlns="http://www.loc.gov/MARC21/slim">
<record>
  <leader>02187nam0a2200409 i 450 </leader>
  <controlfield tag="001">IT\ICCU\CNCE\014536</controlfield>
  <controlfield tag="005">20150129000000.0</controlfield>
  <datafield tag="012" ind1=" " ind2=" ">
    <subfield code="a">      </subfield>
    <subfield code="2">fei</subfield>
    <subfield code="9">INR</subfield>
  </datafield>
  <datafield tag="100" ind1=" " ind2=" ">
    <subfield code="a">19970101d1540        0itac0103    ba</subfield>
  </datafield>
  <datafield tag="101" ind1=" " ind2=" ">
    <subfield code="a">GRC</subfield>
  </datafield>
  <datafield tag="102" ind1=" " ind2=" ">
    <subfield code="a">IT</subfield>
  </datafield>
  <datafield tag="200" ind1="1" ind2=" ">
    <subfield code="a">Erotemata Guarini cum multis additamentis et cum commentariis Latinis nuper emendata</subfield>
  </datafield>
  <datafield tag="210" ind1=" " ind2=" ">
    <subfield code="a">Venetiis</subfield>
    <subfield code="c">excudebant Victor a Rabanis et socii</subfield>
    <subfield code="d">1540</subfield>
  </datafield>
  <datafield tag="215" ind1=" " ind2=" ">
    <subfield code="a">51, \1! c.</subfield>
    <subfield code="d">8ʻ</subfield>
  </datafield>
  <datafield tag="620" ind1=" " ind2=" ">
    <subfield code="a">IT</subfield>
    <subfield code="d">Venezia</subfield>
  </datafield>
  <datafield tag="700" ind1=" " ind2="1">
    <subfield code="a">Chrysoloras,</subfield>
    <subfield code="b">Manuel</subfield>
    <subfield code="3">IT\ICCU\CNCA\003288</subfield>
  </datafield>
  <datafield tag="702" ind1=" " ind2="0">
    <subfield code="a">Guarino</subfield>
    <subfield code="c"> : Veronese</subfield>
    <subfield code="3">IT\ICCU\CNCA\003041</subfield>
  </datafield>
  <datafield tag="712" ind1="0" ind2="0">
    <subfield code="a">Ravani, Vittore &amp; C.</subfield>
    <subfield code="3">IT\ICCU\CNCT\002928</subfield>
    <subfield code="4">650</subfield>
  </datafield>
  <datafield tag="790" ind1=" " ind2="1">
    <subfield code="a">Crisolora,</subfield>
    <subfield code="b">Manuele</subfield>
    <subfield code="3">IT\ICCU\CNCA\011353</subfield>
    <subfield code="z">Chrysoloras, Manuel</subfield>
  </datafield>
  <datafield tag="790" ind1=" " ind2="1">
    <subfield code="a">Guarini,</subfield>
    <subfield code="b">Guarino</subfield>
    <subfield code="3">IT\ICCU\CNCA\014293</subfield>
    <subfield code="z">Guarino : Veronese</subfield>
  </datafield>
  <datafield tag="790" ind1=" " ind2="0">
    <subfield code="a">Guarinus</subfield>
    <subfield code="c"> : Veronensis</subfield>
    <subfield code="3">IT\ICCU\CNCA\014294</subfield>
    <subfield code="z">Guarino : Veronese</subfield>
  </datafield>
  <datafield tag="791" ind1="0" ind2="0">
    <subfield code="a">Rabanis, Victor a &amp; C.</subfield>
    <subfield code="3">IT\ICCU\CNCT\005313</subfield>
    <subfield code="z">Ravani, Vittore &amp; C.</subfield>
  </datafield>
  <datafield tag="791" ind1="0" ind2="0">
    <subfield code="a">Ravano della Serena, Vettor &amp; C.</subfield>
    <subfield code="3">IT\ICCU\CNCT\005314</subfield>
    <subfield code="z">Ravani, Vittore &amp; C.</subfield>
  </datafield>
  <datafield tag="791" ind1="0" ind2="0">
    <subfield code="a">Serena, Vittore della &amp; C.</subfield>
    <subfield code="3">IT\ICCU\CNCT\005315</subfield>
    <subfield code="z">Ravani, Vittore &amp; C.</subfield>
  </datafield>
  <datafield tag="791" ind1="0" ind2="0">
    <subfield code="a">Ravanis, Victor de &amp; C.</subfield>
    <subfield code="3">IT\ICCU\CNCT\005316</subfield>
    <subfield code="z">Ravani, Vittore &amp; C.</subfield>
  </datafield>
  <datafield tag="791" ind1="0" ind2="0">
    <subfield code="a">Ravaniani, Vettor de &amp; C.</subfield>
    <subfield code="3">IT\ICCU\CNCT\005317</subfield>
    <subfield code="z">Ravani, Vittore &amp; C.</subfield>
  </datafield>
  <datafield tag="791" ind1="0" ind2="0">
    <subfield code="a">Rabani, Vettor de &amp; C.</subfield>
    <subfield code="3">IT\ICCU\CNCT\005318</subfield>
    <subfield code="z">Ravani, Vittore &amp; C.</subfield>
  </datafield>
  <datafield tag="801" ind1=" " ind2="3">
    <subfield code="a">IT</subfield>
    <subfield code="b">ICCU</subfield>
    <subfield code="c">20201114</subfield>
  </datafield>
  <datafield tag="899" ind1=" " ind2=" ">
    <subfield code="a">Biblioteca Apostolica Vaticana. Citt ̉del Vaticano</subfield>
    <subfield code="z">MUTILO</subfield>
    <subfield code="1">EX0001</subfield>
    <subfield code="2">ZCV 01</subfield>
  </datafield>
  <datafield tag="899" ind1=" " ind2=" ">
    <subfield code="a">Biblioteca statale. Lucca</subfield>
    <subfield code="1">LU0022</subfield>
    <subfield code="2">LUA BL</subfield>
  </datafield>
  <datafield tag="899" ind1=" " ind2=" ">
    <subfield code="a">Biblioteca comunale. Sarnano</subfield>
    <subfield code="1">MC0079</subfield>
    <subfield code="2">UMC BS</subfield>
  </datafield>
  <datafield tag="899" ind1=" " ind2=" ">
    <subfield code="a">Biblioteca nazionale Vittorio Emanuele III. Napoli</subfield>
    <subfield code="1">NA0079</subfield>
    <subfield code="2">NAP BN</subfield>
  </datafield>
  <datafield tag="899" ind1=" " ind2=" ">
    <subfield code="a">Biblioteca del Centro di documentazione francescana. Assisi</subfield>
    <subfield code="1">PG0213</subfield>
    <subfield code="2">UM1 37</subfield>
  </datafield>
  <datafield tag="899" ind1=" " ind2=" ">
    <subfield code="a">Biblioteca Oliveriana. Pesaro</subfield>
    <subfield code="1">PU0061</subfield>
    <subfield code="2">URB OL</subfield>
  </datafield>
  <datafield tag="899" ind1=" " ind2=" ">
    <subfield code="a">Biblioteca universitaria. Sassari</subfield>
    <subfield code="z">MUTILO</subfield>
    <subfield code="1">SS0073</subfield>
    <subfield code="2">CAG US</subfield>
  </datafield>
  <datafield tag="911" ind1=" " ind2=" ">
    <subfield code="a">Sul front.</subfield>
    <subfield code="9">IT\ICCU\CNCM\001435</subfield>
  </datafield>
  <datafield tag="921" ind1=" " ind2=" ">
    <subfield code="a">IT\ICCU\CNCM\001435</subfield>
    <subfield code="b">Sirena coronata, bicaudata, che tiene le due code alzate con le mani (la destra in alto, la sinistra in basso).</subfield>
    <subfield code="c">U376</subfield>
    <subfield code="d">Dimensioni: 5,5 x 6. Con o senza iscrizione</subfield>
    <subfield code="f">SIRENA</subfield>
    <subfield code="g">1538-1566</subfield>
  </datafield>
</record>
</collection>
